<?xml version="1.0" encoding="UTF-8"?><collection xmlns="http://www.loc.gov/MARC21/slim"><record><leader>00517nam--2200181-i-4500</leader><controlfield tag="001">000019486</controlfield><controlfield tag="002">20161230</controlfield><controlfield tag="005">20161230201033</controlfield><controlfield tag="008">060222s1000------------r-----000-0-eng-d</controlfield><datafield ind1=" " ind2=" " tag="040"><subfield code="a">IFIN-HH</subfield></datafield><datafield ind1=" " ind2=" " tag="080"><subfield code="a">539.126.123.(047.1)</subfield></datafield><datafield ind1="1" ind2=" " tag="100"><subfield code="a">Eliezer, Shalom</subfield></datafield><datafield ind1="1" ind2="0" tag="245"><subfield code="a">A precise hybrid formula for electromagnetic mass differences</subfield><subfield code="c">Shalom eliezer, paul singer</subfield></datafield><datafield ind1=" " ind2=" " tag="260"><subfield code="a">London</subfield><subfield code="b">Department Of Physics</subfield><subfield code="c">/F.An</subfield></datafield><datafield ind1=" " ind2=" " tag="300"><subfield code="a">9P</subfield></datafield><datafield ind1="1" ind2=" " tag="700"><subfield code="a">Singer, Paul</subfield></datafield><datafield ind1=" " ind2=" " tag="852"><subfield code="a">39461</subfield><subfield code="c">539.12</subfield></datafield><datafield ind1=" " ind2=" " tag="CAT"><subfield code="a">Sys</subfield><subfield code="c">20111123</subfield><subfield code="h">121804</subfield></datafield></record></collection>